<?xml version="1.0" encoding="UTF-8"?>
<record xmlns="http://www.loc.gov/MARC21/slim" xmlns:xsi="http://www.w3.org/2001/XMLSchema-instance" xsi:schemaLocation="http://www.loc.gov/MARC21/slim http://www.loc.gov/standards/marcxml/schema/MARC21slim.xsd">
<leader>     nam a22002771a 4500</leader>
<controlfield tag="001">001696944</controlfield>
<controlfield tag="003">NNU</controlfield>
<controlfield tag="005">20061010171125.0</controlfield>
<controlfield tag="008">010123s1938    ua            000 0 arard</controlfield>
<datafield tag="035" ind1="9" ind2=" ">
<subfield code="a">NYUb12243982</subfield>
</datafield>
<datafield tag="035" ind1=" " ind2=" ">
<subfield code="a">(CStRLIN)NYUG01-B440</subfield>
</datafield>
<datafield tag="040" ind1=" " ind2=" ">
<subfield code="a">Recon MBB</subfield>
<subfield code="c">MWalB</subfield>
<subfield code="d">CU</subfield>
<subfield code="d">CtY</subfield>
</datafield>
<datafield tag="066" ind1=" " ind2=" ">
<subfield code="c">(3</subfield>
</datafield>
<datafield tag="090" ind1=" " ind2=" ">
<subfield code="a">BP187.4</subfield>
<subfield code="b">.I3 1938</subfield>
</datafield>
<datafield tag="100" ind1="1" ind2=" ">
<subfield code="6">880-01</subfield>
<subfield code="a">Ibn Ẓahīrah, Muḥammad ibn ʻAbd Allāh,</subfield>
<subfield code="d">d. 1522 or 3.</subfield>
</datafield>
<datafield tag="245" ind1="1" ind2="3">
<subfield code="6">880-02</subfield>
<subfield code="a">al-Jāmiʻ al-laṭīf fī faḍl Makkah wa-ahlihā wa-bināʼ al-Bayt al-Sharīf /</subfield>
<subfield code="c">taʼlīf Jamāl al-Dīn Muḥammad Jār Allāh ibn Muḥammad Nūr al-Dīn ibn Abī Bakr ibn ʻAlī ibn Ẓahīrah al-Qurashī.</subfield>
</datafield>
<datafield tag="250" ind1=" " ind2=" ">
<subfield code="6">880-03</subfield>
<subfield code="a">al-Ṭabʻah 2.</subfield>
</datafield>
<datafield tag="260" ind1=" " ind2=" ">
<subfield code="6">880-04</subfield>
<subfield code="a">Miṣr :</subfield>
<subfield code="b">ʻĪsá al-Bābī al-Ḥalabī wa-Shurakāh,</subfield>
<subfield code="c">1938.</subfield>
</datafield>
<datafield tag="300" ind1=" " ind2=" ">
<subfield code="a">12, 413 p. ;</subfield>
<subfield code="c">20 cm.</subfield>
</datafield>
<datafield tag="610" ind1="2" ind2="0">
<subfield code="a">Masjid al-Ḥarām.</subfield>
</datafield>
<datafield tag="651" ind1=" " ind2="0">
<subfield code="a">Mecca (Saudi Arabia)</subfield>
<subfield code="x">History.</subfield>
</datafield>
<datafield tag="651" ind1=" " ind2="0">
<subfield code="a">Mecca (Saudi Arabia)</subfield>
<subfield code="v">Biography.</subfield>
</datafield>
<datafield tag="880" ind1="1" ind2=" ">
<subfield code="6">100-01/</subfield>
<subfield code="a">ابن ظاهرة، محمد بن عبد الله.</subfield>
</datafield>
<datafield tag="880" ind1="1" ind2="2">
<subfield code="6">245-02/</subfield>
<subfield code="a">الجامع اللطيف في فضل مكة وأهلها وبناء البيت الشريف /</subfield>
<subfield code="c">تأليف جمال الدين محمد جار الله بن محمد نور الدين بن أبي بكر بن علي بن ظهيرة القرشي.</subfield>
</datafield>
<datafield tag="880" ind1=" " ind2=" ">
<subfield code="6">250-03/</subfield>
<subfield code="a">الطبعة ٢.</subfield>
</datafield>
<datafield tag="880" ind1=" " ind2=" ">
<subfield code="6">260-04/</subfield>
<subfield code="a">مصر :</subfield>
<subfield code="b">عيسى البابي الحلبي وشركاه،</subfield>
<subfield code="c">١٩٣٨.</subfield>
</datafield>
<datafield tag="OWN" ind1=" " ind2=" ">
<subfield code="a">GENERAL</subfield>
</datafield>
<datafield tag="998" ind1=" " ind2=" ">
<subfield code="a">20010123</subfield>
<subfield code="d">20010123</subfield>
<subfield code="d">20010123</subfield>
<subfield code="n">NNU</subfield>
<subfield code="s">1</subfield>
<subfield code="t">c</subfield>
<subfield code="z">p</subfield>
</datafield>
<datafield tag="AVA" ind1=" " ind2=" ">
<subfield code="a">NYU50</subfield>
<subfield code="b">BOBST</subfield>
<subfield code="c">Main Collection</subfield>
<subfield code="d">BP187.4 .I3 1938</subfield>
<subfield code="e">unavailable</subfield>
<subfield code="t">Unavailable</subfield>
<subfield code="f">1</subfield>
<subfield code="g">1</subfield>
<subfield code="h">N</subfield>
<subfield code="i">0</subfield>
<subfield code="j">MAIN</subfield>
<subfield code="k">0</subfield>
</datafield>
</record>
